% Encoding: UTF-8

@Article{ai2019deep,
  author    = {Ai, Yi and Li, Zongping and Gan, Mi and Zhang, Yunpeng and Yu, Daben and Chen, Wei and Ju, Yanni},
  title     = {A deep learning approach on short-term spatiotemporal distribution forecasting of dockless bike-sharing system},
  journal   = {Neural Computing and Applications},
  year      = {2019},
  volume    = {31},
  number    = {5},
  pages     = {1665--1677},
  publisher = {Springer},
}

@Article{li2020early,
  author    = {Li, Qun and Guan, Xuhua and Wu, Peng and Wang, Xiaoye and Zhou, Lei and Tong, Yeqing and Ren, Ruiqi and Leung, Kathy SM and Lau, Eric HY and Wong, Jessica Y and others},
  title     = {Early transmission dynamics in Wuhan, China, of novel coronavirus--infected pneumonia},
  journal   = {New England Journal of Medicine},
  year      = {2020},
  publisher = {Mass Medical Soc},
}

@TechReport{ferguson2020report,
  author      = {Ferguson, Neil and Laydon, Daniel and Nedjati Gilani, Gemma and Imai, Natsuko and Ainslie, Kylie and Baguelin, Marc and Bhatia, Sangeeta and Boonyasiri, Adhiratha and Cucunuba Perez, ZULMA and Cuomo-Dannenburg, Gina and others},
  title       = {Report 9: Impact of non-pharmaceutical interventions (NPIs) to reduce COVID19 mortality and healthcare demand},
  institution = {Imperial College London},
  year        = {2020},
}

@Article{pitzer2009demographic,
  author    = {Pitzer, Virginia E and Viboud, C{\'e}cile and Simonsen, Lone and Steiner, Claudia and Panozzo, Catherine A and Alonso, Wladimir J and Miller, Mark A and Glass, Roger I and Glasser, John W and Parashar, Umesh D and others},
  title     = {Demographic variability, vaccination, and the spatiotemporal dynamics of rotavirus epidemics},
  journal   = {Science},
  year      = {2009},
  volume    = {325},
  number    = {5938},
  pages     = {290--294},
  publisher = {American Association for the Advancement of Science},
}

@Article{du2018better,
  author    = {Du, Mingyang and Cheng, Lin},
  title     = {Better understanding the characteristics and influential factors of different travel patterns in free-floating bike sharing: Evidence from Nanjing, China},
  journal   = {Sustainability},
  year      = {2018},
  volume    = {10},
  number    = {4},
  pages     = {1244},
  publisher = {Multidisciplinary Digital Publishing Institute},
}

@InProceedings{terzi2006efficient,
  author       = {Terzi, Evimaria and Tsaparas, Panayiotis},
  title        = {Efficient algorithms for sequence segmentation},
  booktitle    = {Proceedings of the 2006 SIAM International Conference on Data Mining},
  year         = {2006},
  pages        = {316--327},
  organization = {SIAM},
}

@Article{van2006today,
  author    = {Van den Hazel, Peter and Zuurbier, Moniek and Babisch, Wolfgang and Bartonova, Alena and Bistrup, Marie Louise and Bolte, Gabriele and Busby, Chris and Butter, Maureen and Ceccatelli, Sandra and Fucic, Aleksandra and others},
  title     = {Today's epidemics in children: possible relations to environmental pollution and suggested preventive measures},
  journal   = {Acta Paediatrica},
  year      = {2006},
  volume    = {95},
  pages     = {18--25},
  publisher = {Wiley Online Library},
}

@Article{chinazzi2020effect,
  author    = {Chinazzi, Matteo and Davis, Jessica T and Ajelli, Marco and Gioannini, Corrado and Litvinova, Maria and Merler, Stefano and y Piontti, Ana Pastore and Rossi, Luca and Sun, Kaiyuan and Viboud, C{\'e}cile and others},
  title     = {The effect of travel restrictions on the spread of the 2019 novel coronavirus (2019-nCoV) outbreak},
  journal   = {medRxiv},
  year      = {2020},
  publisher = {Cold Spring Harbor Laboratory Press},
}

@Article{pal2017free,
  author    = {Pal, Aritra and Zhang, Yu},
  title     = {Free-floating bike sharing: Solving real-life large-scale static rebalancing problems},
  journal   = {Transportation Research Part C: Emerging Technologies},
  year      = {2017},
  volume    = {80},
  pages     = {92--116},
  publisher = {Elsevier},
}

@Article{Wilson2016Rapid,
  author  = {Wilson, Robin and Zu Erbach-Schoenberg, Elisabeth and Albert, Maximilian and Power, Daniel and Tudge, Simon and Gonzalez, Miguel and Guthrie, Sam and Chamberlain, Heather and Brooks, Christopher and Hughes, Christopher and Pitonakova, Lenka and Buckee, Caroline and Lu, Xin and Wetter, Erik and Tatem, Andrew and Bengtsson, Linus},
  title   = {Rapid and Near Real-Time Assessments of Population Displacement Using Mobile Phone Data Following Disasters: The 2015 Nepal Earthquake},
  journal = {PLoS currents},
  year    = {2016},
  volume  = {8},
  pages   = {267--270},
}

@Article{Wesolowski2012Quantifying,
  author  = {Wesolowski, Amy and Eagle, Nathan and Tatem, Andrew J. and Smith, David L. and Noor, Abdisalan M. and Snow, Robert W. and Buckee, Caroline O.},
  title   = {Quantifying the Impact of Human Mobility on Malaria},
  journal = {Science},
  year    = {2012},
  volume  = {338},
  number  = {6104},
  pages   = {267--270},
}

@Article{Huang2015Predicating,
  author  = {Wei Huang and Songnian Li and Xintao Liu and Yifang Ban},
  title   = {Predicting human mobility with activity changes},
  journal = {International Journal of Geographical Information Science},
  year    = {2015},
  volume  = {29},
  number  = {9},
  pages   = {1569-1587},
}

@Misc{bssmodel,
  title        = {Mobike and Ofo: Reinventing the Bike-Sharing Business Model in China},
  howpublished = {\url{https://daxueconsulting.com/mobike-and-ofo-bike-sharing/}},
}

@Article{Goodchild2010Crowdsourcing,
  author  = {Michael F. Goodchild and J. Alan Glennon},
  title   = {Crowdsourcing geographic information for disaster response: a research frontier},
  journal = {International Journal of Digital Earth},
  year    = {2010},
  volume  = {3},
  number  = {3},
  pages   = {231-241},
}

@Article{huang2017geospark,
  author    = {Huang, Zhou and Chen, Yiran and Wan, Lin and Peng, Xia},
  title     = {GeoSpark {SQL}: An effective framework enabling spatial queries on {S}park},
  journal   = {ISPRS International Journal of Geo-Information},
  year      = {2017},
  volume    = {6},
  number    = {9},
  pages     = {285},
  publisher = {Multidisciplinary Digital Publishing Institute},
}

@Article{xu2019unravel,
  author    = {Xu, Yang and Chen, Dachi and Zhang, Xiaohu and Tu, Wei and Chen, Yuanyang and Shen, Yu and Ratti, Carlo},
  title     = {Unravel the landscape and pulses of cycling activities from a dockless bike-sharing system},
  journal   = {Computers, Environment and Urban Systems},
  year      = {2019},
  volume    = {75},
  pages     = {184--203},
  publisher = {Elsevier},
}

@Article{CHAE2013Public,
  author   = {Junghoon Chae and Dennis Thom and Yun Jang and SungYe Kim and Thomas Ertl and David S. Ebert},
  title    = {Public behavior response analysis in disaster events utilizing visual analytics of microblog data},
  journal  = {Computers \& Graphics},
  year     = {2014},
  volume   = {38},
  pages    = {51 - 60},
  keywords = {Visual analytics, Social media analysis, Disaster management},
}

@Article{Li2016ISPRS,
  author  = {Songnian Li and Suzana Dragicevic and Francesc Ant贸n Castro and Monika Sester and Stephan Winter and Arzu Coltekin and Christopher Pettit and Bin Jiang and James Haworth and Alfred Stein and Tao Cheng},
  title   = {Geospatial big data handling theory and methods: A review and research challenges},
  journal = {ISPRS Journal of Photogrammetry and Remote Sensing},
  year    = {2016},
  volume  = {115},
  pages   = {119 - 133},
}

@Article{Yu2018Big,
  author  = {Yu, Manzhu and Yang, Chaowei and Li, Yun},
  title   = {Big Data in Natural Disaster Management: A Review},
  journal = {Geosciences},
  year    = {2018},
  volume  = {8},
  number  = {5},
  pages   = {165},
}

@Article{Horanont2013Auto,
  author  = {T. {Horanont} and A. {Witayangkurn} and Y. {Sekimoto} and R. {Shibasaki}},
  title   = {Large-Scale Auto-GPS Analysis for Discerning Behavior Change during Crisis},
  journal = {IEEE Intelligent Systems},
  year    = {2013},
  volume  = {28},
  number  = {4},
  pages   = {26-34},
  month   = {July},
}

@Article{Song2010Modelling,
  author  = {Song, Chaoming and Koren, Tal and Wang, Pu and Barabási, Albert-László},
  title   = {Modelling the scaling properties of human mobility},
  journal = {Nature Physics},
  year    = {2010},
  volume  = {6},
  number  = {4},
  pages   = {818-823},
  month   = {October},
}

@ARTICLE{Wang2016Research,

  author={Yezhou Wang and Chen Chen and Jianhui Wang and Ross Baldick},
  journal={IEEE Transactions on Power Systems}, 
  title={Research on Resilience of Power Systems Under Natural Disasters—A Review}, 
  year={2016},
  volume={31},
  number={2},
  pages={1604-1613},
  month={March},
  }

@ARTICLE{Akter2019Big,

  author={Akter, Shahriar and Wamba, Samuel Fosso},
  journal={Annals of Operations Research}, 
  title={Big data and disaster management: a systematic review and agenda for future research}, 
  year={2019},
  volume={283},
  pages={939-959},
  month={December},
  }

@inproceedings{chen2016dynamic,
  title={Dynamic cluster-based over-demand prediction in bike sharing systems},
  author={Chen, Longbiao and Zhang, Daqing and Wang, Leye and Yang, Dingqi and Ma, Xiaojuan and Li, Shijian and Wu, Zhaohui and Pan, Gang and Nguyen, Thi-Mai-Trang and Jakubowicz, J{\'e}r{\'e}mie},
  booktitle={Proceedings of the 2016 ACM International Joint Conference on Pervasive and Ubiquitous Computing},
  pages={841--852},
  year={2016}
}
@inproceedings{Song2014Prediction,
author = {Song, Xuan and Zhang, Quanshi and Sekimoto, Yoshihide and Shibasaki, Ryosuke},
title = {Prediction of Human Emergency Behavior and Their Mobility Following Large-Scale Disaster},
year = {2014},
booktitle = {Proceedings of the 20th ACM SIGKDD International Conference on Knowledge Discovery and Data Mining},
pages = {5–14},
numpages = {10},
location = {New York, New York, USA},
}


@Comment{jabref-meta: databaseType:bibtex;}
